@article{QREM,
author = {Haim Bar and James G. Booth and Martin T. Wells},
title ={Mixed effect modelling and variable selection for quantile regression},
journal = {Statistical Modelling},
volume = {0},
number = {0},
pages = {1471082X211033490},
year = {2021},
doi = {10.1177/1471082X211033490},
URL = { https://doi.org/10.1177/1471082X211033490 },
eprint = { https://doi.org/10.1177/1471082X211033490 }
}


@article{SEMMS,
author = {Bar, Haim Y.  and Booth, James G.  and Wells, Martin T. },
title = {{A Scalable Empirical Bayes Approach to Variable Selection in Generalized Linear Models}},
journal = {Journal of Computational and Graphical Statistics},
volume = {0},
number = {0},
pages = {1-12},
year  = {2020},
publisher = {Taylor & Francis},
doi = {10.1080/10618600.2019.1706542},
URL = {https://doi.org/10.1080/10618600.2019.1706542},
eprint = {https://doi.org/10.1080/10618600.2019.1706542}
}


@article{PlosOne2021,
author = {Haim Bar  and Seojin Bang},
title = {A mixture model to detect edges in sparse co-expression graphs with an application for comparing breast cancer subtypes},
journal = {PLoS ONE},
volume = {16},
number = {2},
pages = {e0246945},
doi = {https://doi.org/10.1371/journal.pone.0246945},
year = {2021}
}


@article{YEH2006,
author = {I-Cheng Yeh },
title = {Analysis of Strength of Concrete Using Design of Experiments and Neural Networks},
journal = {Journal of Materials in Civil Engineering},
volume = {18},
number = {4},
pages = {597-604},
year = {2006},
doi = {10.1061/(ASCE)0899-1561(2006)18:4(597)}
}


@misc{friedberg2020local,
      title={Local Linear Forests}, 
      author={Rina Friedberg and Julie Tibshirani and Susan Athey and Stefan Wager},
      year={2020},
      eprint={1807.11408},
      archivePrefix={arXiv},
      primaryClass={stat.ML}
}


@misc{Dua2019 ,
author = "Dua, Dheeru and Graff, Casey",
year = "2017",
title = "{UCI Machine Learning Repository}",
url = "http://archive.ics.uci.edu/ml",
institution = "University of California, Irvine, School of Information and Computer Sciences" } 


@inproceedings{Lohweg2006,
author = {Volker Lohweg and Johannes Schaede and Thomas TÃ¼rke},
title = {{Robust and reliable banknote authentification and print flaw detection with opto-acoustical sensor fusion methods}},
volume = {6075},
booktitle = {Optical Security and Counterfeit Deterrence Techniques VI},
editor = {Rudolf L. van Renesse},
organization = {International Society for Optics and Photonics},
publisher = {SPIE},
pages = {41 -- 52},
keywords = {Inspection, quality, sensor fusion, pattern recognition, banknotes},
year = {2006},
doi = {10.1117/12.640921},
URL = {https://doi.org/10.1117/12.640921}
}

@book{lee:neld:pawi:2006,
  title={Generalized Linear Models with Random Effects: Unified Analysis via H-likelihood},
  author={Lee, Y. and Nelder, J.A. and Pawitan, Y.},
  isbn={9781420011340},
  lccn={2006045247},
  series={Chapman \& Hall/CRC Monographs on Statistics \& Applied Probability},
  year={2006},
  publisher={CRC Press}
}

